<record><leader>00000cas a22000007a 4500</leader><controlfield tag="001">13084976</controlfield><controlfield tag="008">860130d18171818njuwr ne      0    0eng d</controlfield><datafield ind1=" " ind2=" " tag="010"><subfield code="a">sn 85035671 </subfield></datafield><datafield ind1=" " ind2=" " tag="040"><subfield code="a">NPA</subfield><subfield code="b">eng</subfield><subfield code="c">NPA</subfield><subfield code="d">NJW</subfield><subfield code="d">OCLCQ</subfield></datafield><datafield ind1=" " ind2=" " tag="042"><subfield code="a">msc</subfield></datafield><datafield ind1="0" ind2="0" tag="245"><subfield code="a">West-Jersey gazette.</subfield></datafield><datafield ind1=" " ind2=" " tag="260"><subfield code="a">Salem, N.J. :</subfield><subfield code="b">[s.n.]</subfield></datafield><datafield ind1=" " ind2=" " tag="300"><subfield code="a">v. ;</subfield><subfield code="c">45 cm.</subfield></datafield><datafield ind1=" " ind2=" " tag="310"><subfield code="a">Weekly</subfield></datafield><datafield ind1="1" ind2=" " tag="362"><subfield code="a">Began with Aug. 13, 1817 issue; ceased with Aug. 5, 1818 issue.</subfield></datafield><datafield ind1=" " ind2=" " tag="588"><subfield code="a">Description based on: Vol. 1, no. 2 (Aug. 20, 1817).</subfield></datafield><datafield ind1=" " ind2=" " tag="752"><subfield code="a">United States</subfield><subfield code="b">New Jersey</subfield><subfield code="c">Salem</subfield><subfield code="d">Salem.</subfield></datafield><datafield ind1="0" ind2="0" tag="785"><subfield code="t">West Jersey gazette, and Salem and Gloucester advertiser</subfield></datafield></record>